@book{chinneck2007feasibility,
  title={Feasibility and Infeasibility in Optimization:: Algorithms and Computational Methods},
  author={Chinneck, John W},
  volume={118},
  year={2007},
  publisher={Springer Science \& Business Media}
}

@article{iiscomplexity,
  title={Some results concerning post-infeasibility analysis},
  author={Chakravarti, Nilotpal},
  journal={European Journal of Operational Research},
  volume={73},
  number={1},
  pages={139--143},
  year={1994},
  publisher={Elsevier}
}
@inproceedings{simple,
	author = {Qazi, Zafar Ayyub and Tu, Cheng-Chun and Chiang, Luis and Miao, Rui and Sekar, Vyas and Yu, Minlan},
	title = {SIMPLE-fying Middlebox Policy Enforcement Using {SDN}},
	booktitle = {Proceedings of the ACM SIGCOMM 2013 Conference on SIGCOMM},
	series = {SIGCOMM '13},
	year = {2013},
	isbn = {978-1-4503-2056-6},
	location = {Hong Kong, China},
	pages = {27--38},
	numpages = {12},
	url = {http://doi.acm.org/10.1145/2486001.2486022},
	doi = {10.1145/2486001.2486022},
	acmid = {2486022},
	publisher = {ACM},
	address = {New York, NY, USA},
	keywords = {middlebox, network management, software-defined networking}
} 
@inproceedings{merlin,
	author = {Soul{\'e}, Robert and Basu, Shrutarshi and Marandi, Parisa Jalili and Pedone, Fernando and Kleinberg, Robert and Sirer, Emin Gun and Foster, Nate},
	title = {Merlin: A Language for Provisioning Network Resources},
	booktitle = {Proceedings of the 10th ACM International on Conference on Emerging Networking Experiments and Technologies},
	series = {CoNEXT '14},
	year = {2014},
	isbn = {978-1-4503-3279-8},
	location = {Sydney, Australia},
	pages = {213--226},
	numpages = {14},
	url = {http://doi.acm.org/10.1145/2674005.2674989},
	doi = {10.1145/2674005.2674989},
	acmid = {2674989},
	publisher = {ACM},
	address = {New York, NY, USA},
	keywords = {delegation, merlin, resource management, software-defined networking, verification},
} 
@inproceedings{mpa-imc15,
	author = {Gember-Jacobson, Aaron and Wu, Wenfei and Li, Xiujun and Akella, Aditya and Mahajan, Ratul},
	title = {Management Plane Analytics},
	booktitle = {IMC},
	year = {2015},
} 

@inproceedings{datacenterfailures,
	author = {Gill, Phillipa and Jain, Navendu and Nagappan, Nachiappan},
	title = {Understanding Network Failures in Data Centers: Measurement, Analysis, and Implications},
	booktitle = {Proceedings of the ACM SIGCOMM 2011 Conference},
	series = {SIGCOMM '11},
	year = {2011},
	isbn = {978-1-4503-0797-0},
	location = {Toronto, Ontario, Canada},
	pages = {350--361},
	numpages = {12},
	url = {http://doi.acm.org/10.1145/2018436.2018477},
	doi = {10.1145/2018436.2018477},
	acmid = {2018477},
	publisher = {ACM},
	address = {New York, NY, USA},
	keywords = {data centers, network reliability},
} 

@inproceedings{plinko,
	author = {Stephens, Brent and Cox, Alan L. and Rixner, Scott},
	title = {Plinko: Building Provably Resilient Forwarding Tables},
	booktitle = {Proceedings of the Twelfth ACM Workshop on Hot Topics in Networks},
	series = {HotNets-XII},
	year = {2013},
	isbn = {978-1-4503-2596-7},
	location = {College Park, Maryland},
	pages = {26:1--26:7},
	articleno = {26},
	numpages = {7},
	url = {http://doi.acm.org/10.1145/2535771.2535774},
	doi = {10.1145/2535771.2535774},
	acmid = {2535774},
	publisher = {ACM},
	address = {New York, NY, USA},
} 
@inproceedings{monosat,
  title={SAT Modulo Monotonic Theories},
  author={Bayless, Sam and Bayless, Noah and Hoos, Holger H and Hu, Alan J},
  booktitle={Twenty-Ninth AAAI Conference on Artificial Intelligence},
  year={2015}
}

@inproceedings{arc,
	author = {Gember-Jacobson, Aaron and Viswanathan, Raajay and Akella, Aditya and Mahajan, Ratul},
	title = {Fast Control Plane Analysis Using an Abstract Representation},
	booktitle = {Proceedings of the ACM SIGCOMM 2016 Conference on SIGCOMM},
	series = {SIGCOMM '16},
	keywords = {Network verification, control plane, abstract representation},
} 
@inproceedings{ospf-te,
  title={Internet traffic engineering by optimizing OSPF weights},
  author={Fortz, Bernard and Thorup, Mikkel},
  booktitle={INFOCOM 2000. Nineteenth annual joint conference of the IEEE computer and communications societies. Proceedings. IEEE},
  volume={2},
  pages={519--528},
  year={2000},
  organization={IEEE}
}
@inproceedings{propane,
	author = {Beckett, Ryan and Mahajan, Ratul and Millstein, Todd and Padhye, Jitu and Walker, David},
	title = {Don't Mind the Gap: Bridging Network-wide Objectives and Device-level Configurations},
	booktitle = {Proceedings of the ACM SIGCOMM 2016 Conference on SIGCOMM},
	series = {SIGCOMM '16},
	keywords = {Propane, Domain-specific Language, BGP, Synthesis, Compilation, Fault Tolerance, Distributed Systems},
} 

@inproceedings{swan,
 author = {Hong, Chi-Yao and Kandula, Srikanth and Mahajan, Ratul and Zhang, Ming and Gill, Vijay and Nanduri, Mohan and Wattenhofer, Roger},
 title = {Achieving High Utilization with Software-driven WAN},
 booktitle = {Proceedings of the ACM SIGCOMM 2013 Conference on SIGCOMM},
 series = {SIGCOMM '13},
 year = {2013},
 isbn = {978-1-4503-2056-6},
 location = {Hong Kong, China},
 pages = {15--26},
 numpages = {12},
 url = {http://doi.acm.org/10.1145/2486001.2486012},
 doi = {10.1145/2486001.2486012},
 acmid = {2486012},
 publisher = {ACM},
 address = {New York, NY, USA},
 keywords = {inter-dc wan, software-defined networking},
} 
@inproceedings{b4,
 author = {Jain, Sushant and Kumar, Alok and Mandal, Subhasree and Ong, Joon and Poutievski, Leon and Singh, Arjun and Venkata, Subbaiah and Wanderer, Jim and Zhou, Junlan and Zhu, Min and Zolla, Jon and H\"{o}lzle, Urs and Stuart, Stephen and Vahdat, Amin},
 title = {B4: Experience with a Globally-deployed Software Defined Wan},
 booktitle = {Proceedings of the ACM SIGCOMM 2013 Conference on SIGCOMM},
 series = {SIGCOMM '13},
 year = {2013},
 isbn = {978-1-4503-2056-6},
 location = {Hong Kong, China},
 pages = {3--14},
 numpages = {12},
 url = {http://doi.acm.org/10.1145/2486001.2486019},
 doi = {10.1145/2486001.2486019},
 acmid = {2486019},
 publisher = {ACM},
 address = {New York, NY, USA},
 keywords = {centralized traffic engineering, openflow, routing, software- defined networking, wide-area networks},
} 

@inproceedings{flowtags,
  title={FlowTags: enforcing network-wide policies in the presence of dynamic middlebox actions},
  author={Fayazbakhsh, Seyed Kaveh and Sekar, Vyas and Yu, Minlan and Mogul, Jeffrey C},
  booktitle={Proceedings of the second ACM SIGCOMM workshop on Hot topics in software defined networking},
  pages={19--24},
  year={2013},
  organization={ACM}
}

@inproceedings{turner10:Sigcomm,
    author = {Turner, Daniel and Levchenko, Kirill and Snoeren, Alex C. and 
        Savage, Stefan},
    title = {California Fault Lines: Understanding the Causes and Impact of 
        Network Failures},
    booktitle = {SIGCOMM},
    year = {2010},
}

@misc{openconfig,
    title = {{OpenConfig}: Vendor-neutral, model-driven network management designed by users},
    howpublished = {\url{http://openconfig.net}}
}

@misc{ciscoios,
    title = {Cisco {IOS} Configuration Fundamentals Command Reference},
    howpublished = {\url{http://cisco.com/c/en/us/td/docs/ios/fundamentals/command/reference/cf_book.html}}
}

@inproceedings{complexitymetrics,
    author = {Benson, Theophilus and Akella, Aditya and Maltz, David},
    title = {Unraveling the Complexity of Network Management},
    booktitle = {NSDI},
    year = {2009},
}

@inproceedings{setcover,
  title={Set cover algorithms for very large datasets},
  author={Cormode, Graham and Karloff, Howard and Wirth, Anthony},
  booktitle={Proceedings of the 19th ACM international conference on Information and knowledge management},
  pages={479--488},
  year={2010},
  organization={ACM}
}

@article{isp,
  title={Compatible weights and valid cycles in non-spanning OSPF routing patterns},
  author={Brostr{\"o}m, Peter and Holmberg, Kaj},
  journal={Algorithmic Operations Research},
  volume={4},
  number={1},
  pages={19--35},
  year={2009}
}

@techreport{troubleshooting,
    author = {H. Zeng and P. Kazemian and G. Varghese and N. McKeown},
    title = {A Survey on Network Troubleshooting},
    institution = {Stanford University},
    number = {TR12-HPNG-061012},
    year = {2012},
    month = {June}
}

@inproceedings{bgpmisconfig,
  author    = {Ratul Mahajan and David Wetherall and Thomas E. Anderson},
  title     = {Understanding {BGP} misconfiguration},
  booktitle = {SIGCOMM},
  year      = {2002},
}

@inproceedings{hasdn,
  author    = {Aditya Akella and Arvind Krishnamurthy},
  title     = {A Highly Available Software Defined Fabric},
  booktitle = {HotNets},
  year      = {2014},
}

@inproceedings{netegg,
	author = {Yuan, Yifei and Alur, Rajeev and Loo, Boon Thau},
	title = {NetEgg: Programming Network Policies by Examples},
	booktitle = {HotNets},
	year = {2014},
}

@inproceedings{z3,
    author    = {Leonardo Mendon{\c{c}}a de Moura and Nikolaj Bj{\o}rner},
    title     = {{Z3:} An Efficient {SMT} Solver},
    booktitle = {Tools and Algorithms for the Construction and Analysis of 
        Systems (TACAS), 14th International Conference},
    pages     = {337--340},
    year      = {2008},
    url       = {http://dx.doi.org/10.1007/978-3-540-78800-3_24},
    doi       = {10.1007/978-3-540-78800-3_24},
}

@misc{intent,
    author = {Dave Lenrow},
    title = {Intent: What. Not How.},
    journal = {Open Networking Foundation {(ONF)} Blog},
    howpublished = {\url{http://opennetworking.org/?p=1633&option=com_wordpress&Itemid=471}}
}

@inproceedings{onos,
  author    = {Pankaj Berde and
               Matteo Gerola and
               Jonathan Hart and
               Yuta Higuchi and
               Masayoshi Kobayashi and
               Toshio Koide and
               Bob Lantz and
               Brian O'Connor and
               Pavlin Radoslavov and
               William Snow and
               Guru M. Parulkar},
  title     = {{ONOS:} towards an open, distributed {SDN} {OS}},
  booktitle = {HotSDN},
  year      = {2014},
}

@misc{gurobi,
	title = {{Gurobi Optimization}},
	howpublished = {\url{http://http://www.gurobi.com/}}
}

@inproceedings{rcp,
	author = {Caesar, Matthew and Caldwell, Donald and Feamster, Nick and Rexford, Jennifer and Shaikh, Aman and van der Merwe, Jacobus},
	title = {Design and Implementation of a Routing Control Platform},
	booktitle = {Proceedings of the 2Nd Conference on Symposium on Networked Systems Design \& Implementation - Volume 2},
	series = {NSDI'05},
	year = {2005},
	pages = {15--28},
	numpages = {14},
	url = {http://dl.acm.org/citation.cfm?id=1251203.1251205},
	acmid = {1251205},
	publisher = {USENIX Association},
	address = {Berkeley, CA, USA},
} 

@inproceedings{fibbing,
	author = {Vissicchio, Stefano and Tilmans, Olivier and Vanbever, Laurent and Rexford, Jennifer},
	title = {Central Control Over Distributed Routing},
	booktitle = {Proceedings of the 2015 ACM Conference on Special Interest Group on Data Communication},
	series = {SIGCOMM '15},
	year = {2015},
	isbn = {978-1-4503-3542-3},
	location = {London, United Kingdom},
	pages = {43--56},
	numpages = {14},
	url = {http://doi.acm.org/10.1145/2785956.2787497},
	doi = {10.1145/2785956.2787497},
	acmid = {2787497},
	publisher = {ACM},
	address = {New York, NY, USA},
	keywords = {SDN, fibbing, link-state routing},
} 

@article{configassure,
	author = {Narain, Sanjai and Levin, Gary and Malik, Sharad and Kaul, Vikram},
	title = {Declarative Infrastructure Configuration Synthesis and Debugging},
	journal = {J. Netw. Syst. Manage.},
	issue_date = {September 2008},
	volume = {16},
	number = {3},
	month = sep,
	year = {2008},
	issn = {1064-7570},
	pages = {235--258},
	numpages = {24},
	url = {http://dx.doi.org/10.1007/s10922-008-9108-y},
	doi = {10.1007/s10922-008-9108-y},
	acmid = {1459120},
	publisher = {Plenum Press},
	address = {New York, NY, USA},
	keywords = {Diagnosis, Model finder, Partial evaluation, Requirement solver, SAT solver, Troubleshooting},
} 
@inproceedings{fattree,
	title={A scalable, commodity data center network architecture},
	author={Al-Fares, Mohammad and Loukissas, Alexander and Vahdat, Amin},
	booktitle={ACM SIGCOMM Computer Communication Review},
	volume={38},
	number={4},
	pages={63--74},
	year={2008},
	organization={ACM}
}

@techreport{bgp,
	title={A border gateway protocol 4 (BGP-4)},
	author={Rekhter, Yakov and Li, Tony and Hares, Susan},
	year={2005}
}

@inproceedings{stoke,
	author = {Schkufza, Eric and Sharma, Rahul and Aiken, Alex},
	title = {Stochastic Superoptimization},
	booktitle = {Proceedings of the Eighteenth International Conference on Architectural Support for Programming Languages and Operating Systems},
	series = {ASPLOS '13},
	year = {2013},
	isbn = {978-1-4503-1870-9},
	location = {Houston, Texas, USA},
	pages = {305--316},
	numpages = {12},
	url = {http://doi.acm.org/10.1145/2451116.2451150},
	doi = {10.1145/2451116.2451150},
	acmid = {2451150},
	publisher = {ACM},
	address = {New York, NY, USA},
	keywords = {64-bit, binary, markov chain monte carlo, mcmc, smt, stochastic search, superoptimization, x86, x86-64},
} 

@inproceedings{genesis,
	title={Genesis: Synthesizing Forwarding Tables for Multi-tenant Networks},
	author={Subramanian, Kausik and D'Antoni, Loris and Akella, Aditya},
	booktitle={POPL},
	year={2017},
	organization={ACM}
}