@inproceedings{netgen,
 author = {Saha, Shambwaditya and Prabhu, Santhosh and Madhusudan, P.},
 title = {NetGen: Synthesizing Data-plane Configurations for Network Policies},
 booktitle = {Proceedings of the 1st ACM SIGCOMM Symposium on Software Defined Networking Research},
 series = {SOSR '15},
 year = {2015},
 isbn = {978-1-4503-3451-8},
 location = {Santa Clara, California},
 pages = {17:1--17:6},
 articleno = {17},
 numpages = {6},
 url = {http://doi.acm.org/10.1145/2774993.2775006},
 doi = {10.1145/2774993.2775006},
 acmid = {2775006},
 publisher = {ACM},
 address = {New York, NY, USA},
 keywords = {constraint-solving, data-plane syntheis, network management, programming languages, software defined network},
} 
@inproceedings{netegg,
	author = {Yuan, Yifei and Alur, Rajeev and Loo, Boon Thau},
	title = {NetEgg: Programming Network Policies by Examples},
	booktitle = {Proceedings of the 13th ACM Workshop on Hot Topics in Networks},
	series = {HotNets-XIII},
	year = {2014},
	isbn = {978-1-4503-3256-9},
	location = {Los Angeles, CA, USA},
	pages = {20:1--20:7},
	articleno = {20},
	numpages = {7},
	url = {http://doi.acm.org/10.1145/2670518.2673879},
	doi = {10.1145/2670518.2673879},
	acmid = {2673879},
	publisher = {ACM},
	address = {New York, NY, USA},
} 
@inproceedings{updates,
	author = {McClurg, Jedidiah and Hojjat, Hossein and \v{C}ern\'{y}, Pavol and Foster, Nate},
	title = {Efficient Synthesis of Network Updates},
	booktitle = {Proceedings of the 36th ACM SIGPLAN Conference on Programming Language Design and Implementation},
	series = {PLDI 2015},
	year = {2015},
	isbn = {978-1-4503-3468-6},
	location = {Portland, OR, USA},
	pages = {196--207},
	numpages = {12},
	url = {http://doi.acm.org/10.1145/2737924.2737980},
	doi = {10.1145/2737924.2737980},
	acmid = {2737980},
	publisher = {ACM},
	address = {New York, NY, USA},
	keywords = {LTL, SDN, model checking, network updates, software-defined networking, synthesis, verification},
} 
@inproceedings{oneswitch,
	author = {Kang, Nanxi and Liu, Zhenming and Rexford, Jennifer and Walker, David},
	title = {Optimizing the "One Big Switch" Abstraction in Software-defined Networks},
	booktitle = {Proceedings of the Ninth ACM Conference on Emerging Networking Experiments and Technologies},
	series = {CoNEXT '13},
	year = {2013},
	isbn = {978-1-4503-2101-3},
	location = {Santa Barbara, California, USA},
	pages = {13--24},
	numpages = {12},
	url = {http://doi.acm.org/10.1145/2535372.2535373},
	doi = {10.1145/2535372.2535373},
	acmid = {2535373},
	publisher = {ACM},
	address = {New York, NY, USA},
	keywords = {network virtualization, software-defined networks},
} 
@inproceedings{simple,
	author = {Qazi, Zafar Ayyub and Tu, Cheng-Chun and Chiang, Luis and Miao, Rui and Sekar, Vyas and Yu, Minlan},
	title = {SIMPLE-fying Middlebox Policy Enforcement Using SDN},
	booktitle = {Proceedings of the ACM SIGCOMM 2013 Conference on SIGCOMM},
	series = {SIGCOMM '13},
	year = {2013},
	isbn = {978-1-4503-2056-6},
	location = {Hong Kong, China},
	pages = {27--38},
	numpages = {12},
	url = {http://doi.acm.org/10.1145/2486001.2486022},
	doi = {10.1145/2486001.2486022},
	acmid = {2486022},
	publisher = {ACM},
	address = {New York, NY, USA},
	keywords = {middlebox, network management, software-defined networking}
} 

@inproceedings{merlin,
  author    = {Robert Soul{\'{e}} and
               Shrutarshi Basu and
               Parisa Jalili Marandi and
               Fernando Pedone and
               Robert D. Kleinberg and
               Emin G{\"{u}}n Sirer and
               Nate Foster},
  title     = {Merlin: {A} Language for Provisioning Network Resources},
  booktitle = {Proceedings of the 10th {ACM} International on Conference on emerging
               Networking Experiments and Technologies, CoNEXT 2014, Sydney, Australia,
               December 2-5, 2014},
  pages     = {213--226},
  year      = {2014},
  url       = {http://doi.acm.org/10.1145/2674005.2674989},
  doi       = {10.1145/2674005.2674989},
  timestamp = {Sat, 03 Jan 2015 15:31:16 +0100},
  biburl    = {http://dblp.uni-trier.de/rec/bib/conf/conext/SouleBMPKSF14},
  bibsource = {dblp computer science bibliography, http://dblp.org}
}
@inproceedings{heyyou-ccs,
	author = {Ristenpart, Thomas and Tromer, Eran and Shacham, Hovav and Savage, Stefan},
	title = {Hey, You, Get off of My Cloud: Exploring Information Leakage in Third-party Compute Clouds},
	booktitle = {Proceedings of the 16th ACM Conference on Computer and Communications Security},
	series = {CCS '09},
	year = {2009},
	isbn = {978-1-60558-894-0},
	location = {Chicago, Illinois, USA},
	pages = {199--212},
	numpages = {14},
	url = {http://doi.acm.org/10.1145/1653662.1653687},
	doi = {10.1145/1653662.1653687},
	acmid = {1653687},
	publisher = {ACM},
	address = {New York, NY, USA},
	keywords = {cloud computing, side channels, virtual machine security},
} 

@inproceedings{z3maxSMT,
	author    = {Nikolaj Bjorner and Anh-Dung Phan},
	title     = {$\nu$Z - Maximal Satisfaction with Z3},
	booktitle = {SCSS 2014. 6th International Symposium on Symbolic Computation in Software Science},
	editor    = {Temur Kutsia and Andrei Voronkov},
	series    = {EPiC Series in Computer Science},
	volume    = {30},
	pages     = {1-9},
	year      = {2014},
	publisher = {EasyChair},
	bibsource = {EasyChair, http://www.easychair.org},
	issn      = {2040-557X},
	}
@inproceedings{pga,
	author = {Prakash, Chaithan and Lee, Jeongkeun and Turner, Yoshio and Kang, Joon-Myung and Akella, Aditya and Banerjee, Sujata and Clark, Charles and Ma, Yadi and Sharma, Puneet and Zhang, Ying},
	title = {PGA: Using Graphs to Express and Automatically Reconcile Network Policies},
	booktitle = {Proceedings of the 2015 ACM Conference on Special Interest Group on Data Communication},
	series = {SIGCOMM '15},
	year = {2015},
	isbn = {978-1-4503-3542-3},
	location = {London, United Kingdom},
	pages = {29--42},
	numpages = {14},
	url = {http://doi.acm.org/10.1145/2785956.2787506},
	doi = {10.1145/2785956.2787506},
	acmid = {2787506},
	publisher = {ACM},
	address = {New York, NY, USA},
	keywords = {data center networks, middleboxes, network appliances, network domains, network manageability, network management, network programming interfaces, policy graphs, programmable networks, software-defined networks},
} 
@inproceedings{Zhou:2015:ECC:2789770.2789776,
	author = {Zhou, Wenxuan and Jin, Dong and Croft, Jason and Caesar, Matthew and Godfrey, P. Brighten},
	title = {Enforcing Customizable Consistency Properties in Software-defined Networks},
	booktitle = {Proceedings of the 12th USENIX Conference on Networked Systems Design and Implementation},
	series = {NSDI'15},
	year = {2015},
	isbn = {978-1-931971-218},
	location = {Oakland, CA},
	pages = {73--85},
	numpages = {13},
	url = {http://dl.acm.org/citation.cfm?id=2789770.2789776},
	acmid = {2789776},
	publisher = {USENIX Association},
	address = {Berkeley, CA, USA},
} 
