@book{chinneck2007feasibility,
  title={Feasibility and Infeasibility in Optimization:: Algorithms and Computational Methods},
  author={Chinneck, John W},
  volume={118},
  year={2007},
  publisher={Springer Science \& Business Media}
}
@article{iiscomplexity,
  title={Some results concerning post-infeasibility analysis},
  author={Chakravarti, Nilotpal},
  journal={European Journal of Operational Research},
  volume={73},
  number={1},
  pages={139--143},
  year={1994},
  publisher={Elsevier}
}