@inproceedings{netgen,
 author = {Saha, Shambwaditya and Prabhu, Santhosh and Madhusudan, P.},
 title = {NetGen: Synthesizing Data-plane Configurations for Network Policies},
 booktitle = {Proceedings of the 1st ACM SIGCOMM Symposium on Software Defined Networking Research},
 series = {SOSR '15},
 year = {2015},
 isbn = {978-1-4503-3451-8},
 location = {Santa Clara, California},
 pages = {17:1--17:6},
 articleno = {17},
 numpages = {6},
 url = {http://doi.acm.org/10.1145/2774993.2775006},
 doi = {10.1145/2774993.2775006},
 acmid = {2775006},
 publisher = {ACM},
 address = {New York, NY, USA},
 keywords = {constraint-solving, data-plane syntheis, network management, programming languages, software defined network}
} 
@inproceedings{netegg,
	author = {Yuan, Yifei and Alur, Rajeev and Loo, Boon Thau},
	title = {NetEgg: Programming Network Policies by Examples},
	booktitle = {Proceedings of the 13th ACM Workshop on Hot Topics in Networks},
	series = {HotNets-XIII},
	year = {2014},
	isbn = {978-1-4503-3256-9},
	location = {Los Angeles, CA, USA},
	pages = {20:1--20:7},
	articleno = {20},
	numpages = {7},
	url = {http://doi.acm.org/10.1145/2670518.2673879},
	doi = {10.1145/2670518.2673879},
	acmid = {2673879},
	publisher = {ACM},
	address = {New York, NY, USA}
} 
@inproceedings{updates,
	author = {McClurg, Jedidiah and Hojjat, Hossein and \v{C}ern\'{y}, Pavol and Foster, Nate},
	title = {Efficient Synthesis of Network Updates},
	booktitle = {Proceedings of the 36th ACM SIGPLAN Conference on Programming Language Design and Implementation},
	series = {PLDI 2015},
	year = {2015},
	isbn = {978-1-4503-3468-6},
	location = {Portland, OR, USA},
	pages = {196--207},
	numpages = {12},
	url = {http://doi.acm.org/10.1145/2737924.2737980},
	doi = {10.1145/2737924.2737980},
	acmid = {2737980},
	publisher = {ACM},
	address = {New York, NY, USA},
	keywords = {LTL, SDN, model checking, network updates, software-defined networking, synthesis, verification},
} 
@inproceedings{oneswitch,
	author = {Kang, Nanxi and Liu, Zhenming and Rexford, Jennifer and Walker, David},
	title = {Optimizing the "One Big Switch" Abstraction in Software-defined Networks},
	booktitle = {Proceedings of the Ninth ACM Conference on Emerging Networking Experiments and Technologies},
	series = {CoNEXT '13},
	year = {2013},
	isbn = {978-1-4503-2101-3},
	location = {Santa Barbara, California, USA},
	pages = {13--24},
	numpages = {12},
	url = {http://doi.acm.org/10.1145/2535372.2535373},
	doi = {10.1145/2535372.2535373},
	acmid = {2535373},
	publisher = {ACM},
	address = {New York, NY, USA},
	keywords = {network virtualization, software-defined networks},
} 
@inproceedings{simple,
	author = {Qazi, Zafar Ayyub and Tu, Cheng-Chun and Chiang, Luis and Miao, Rui and Sekar, Vyas and Yu, Minlan},
	title = {SIMPLE-fying Middlebox Policy Enforcement Using SDN},
	booktitle = {Proceedings of the ACM SIGCOMM 2013 Conference on SIGCOMM},
	series = {SIGCOMM '13},
	year = {2013},
	isbn = {978-1-4503-2056-6},
	location = {Hong Kong, China},
	pages = {27--38},
	numpages = {12},
	url = {http://doi.acm.org/10.1145/2486001.2486022},
	doi = {10.1145/2486001.2486022},
	acmid = {2486022},
	publisher = {ACM},
	address = {New York, NY, USA},
	keywords = {middlebox, network management, software-defined networking},
} 


@inproceedings{benson:complexity:nsdi2009,
	author = {Benson, Theophilus and Akella, Aditya and Maltz, David},
	title = {Unraveling the Complexity of Network Management},
	booktitle = {Proceedings of the 6th USENIX Symposium on Networked Systems Design and Implementation},
	series = {NSDI'09},
	year = {2009},
	location = {Boston, Massachusetts},
	pages = {335--348},
	numpages = {14},
	url = {http://dl.acm.org/citation.cfm?id=1558977.1559000},
	acmid = {1559000},
	publisher = {USENIX Association},
	address = {Berkeley, CA, USA},
} 


@inproceedings{merlin,
	author = {Soul{\'e}, Robert and Basu, Shrutarshi and Marandi, Parisa Jalili and Pedone, Fernando and Kleinberg, Robert and Sirer, Emin Gun and Foster, Nate},
	title = {Merlin: A Language for Provisioning Network Resources},
	booktitle = {Proceedings of the 10th ACM International on Conference on Emerging Networking Experiments and Technologies},
	series = {CoNEXT '14},
	year = {2014},
	isbn = {978-1-4503-3279-8},
	location = {Sydney, Australia},
	pages = {213--226},
	numpages = {14},
	url = {http://doi.acm.org/10.1145/2674005.2674989},
	doi = {10.1145/2674005.2674989},
	acmid = {2674989},
	publisher = {ACM},
	address = {New York, NY, USA},
	keywords = {delegation, merlin, resource management, software-defined networking, verification},
} 
@inproceedings{heyyou-ccs,
	author = {Ristenpart, Thomas and Tromer, Eran and Shacham, Hovav and Savage, Stefan},
	title = {Hey, You, Get off of My Cloud: Exploring Information Leakage in Third-party Compute Clouds},
	booktitle = {Proceedings of the 16th ACM Conference on Computer and Communications Security},
	series = {CCS '09},
	year = {2009},
	isbn = {978-1-60558-894-0},
	location = {Chicago, Illinois, USA},
	pages = {199--212},
	numpages = {14},
	url = {http://doi.acm.org/10.1145/1653662.1653687},
	doi = {10.1145/1653662.1653687},
	acmid = {1653687},
	publisher = {ACM},
	address = {New York, NY, USA},
	keywords = {cloud computing, side channels, virtual machine security},
} 

@inproceedings{z3maxSMT,
	author    = {Nikolaj Bjorner and Anh-Dung Phan},
	title     = {$\nu$Z - Maximal Satisfaction with Z3},
	booktitle = {SCSS 2014. 6th International Symposium on Symbolic Computation in Software Science},
	editor    = {Temur Kutsia and Andrei Voronkov},
	series    = {EPiC Series in Computer Science},
	volume    = {30},
	pages     = {1-9},
	year      = {2014},
	publisher = {EasyChair},
	bibsource = {EasyChair, http://www.easychair.org},
	issn      = {2040-557X},
	}
@inproceedings{pga,
	author = {Prakash, Chaithan and Lee, Jeongkeun and Turner, Yoshio and Kang, Joon-Myung and Akella, Aditya and Banerjee, Sujata and Clark, Charles and Ma, Yadi and Sharma, Puneet and Zhang, Ying},
	title = {PGA: Using Graphs to Express and Automatically Reconcile Network Policies},
	booktitle = {Proceedings of the 2015 ACM Conference on Special Interest Group on Data Communication},
	series = {SIGCOMM '15},
	year = {2015},
	isbn = {978-1-4503-3542-3},
	location = {London, United Kingdom},
	pages = {29--42},
	numpages = {14},
	url = {http://doi.acm.org/10.1145/2785956.2787506},
	doi = {10.1145/2785956.2787506},
	acmid = {2787506},
	publisher = {ACM},
	address = {New York, NY, USA},
	keywords = {data center networks, middleboxes, network appliances, network domains, network manageability, network management, network programming interfaces, policy graphs, programmable networks, software-defined networks},
} 
@inproceedings{customconsistency,
	author = {Zhou, Wenxuan and Jin, Dong and Croft, Jason and Caesar, Matthew and Godfrey, P. Brighten},
	title = {Enforcing Customizable Consistency Properties in Software-defined Networks},
	booktitle = {Proceedings of the 12th USENIX Conference on Networked Systems Design and Implementation},
	series = {NSDI'15},
	year = {2015},
	isbn = {978-1-931971-218},
	location = {Oakland, CA},
	pages = {73--85},
	numpages = {13},
	url = {http://dl.acm.org/citation.cfm?id=2789770.2789776},
	acmid = {2789776},
	publisher = {USENIX Association},
	address = {Berkeley, CA, USA},
} 
@inproceedings{frenetic,
	author = {Foster, Nate and Harrison, Rob and Freedman, Michael J. and Monsanto, Christopher and Rexford, Jennifer and Story, Alec and Walker, David},
	title = {Frenetic: A Network Programming Language},
	booktitle = {Proceedings of the 16th ACM SIGPLAN International Conference on Functional Programming},
	series = {ICFP '11},
	year = {2011},
	isbn = {978-1-4503-0865-6},
	location = {Tokyo, Japan},
	pages = {279--291},
	numpages = {13},
	url = {http://doi.acm.org/10.1145/2034773.2034812},
	doi = {10.1145/2034773.2034812},
	acmid = {2034812},
	publisher = {ACM},
	address = {New York, NY, USA},
	keywords = {domain-specific languages, functional reactive programming, network programming languages, openflow},
} 
@inproceedings{pyretic,
	author = {Monsanto, Christopher and Reich, Joshua and Foster, Nate and Rexford, Jennifer and Walker, David},
	title = {Composing Software-defined Networks},
	booktitle = {Proceedings of the 10th USENIX Conference on Networked Systems Design and Implementation},
	series = {nsdi'13},
	year = {2013},
	location = {Lombard, IL},
	pages = {1--14},
	numpages = {14},
	url = {http://dl.acm.org/citation.cfm?id=2482626.2482629},
	acmid = {2482629},
	publisher = {USENIX Association},
	address = {Berkeley, CA, USA},
} 
@inproceedings{z3,
	author = {De Moura, Leonardo and Bj{\o}rner, Nikolaj},
	title = {Z3: An Efficient SMT Solver},
	booktitle = {Proceedings of the Theory and Practice of Software, 14th International Conference on Tools and Algorithms for the Construction and Analysis of Systems},
	series = {TACAS'08/ETAPS'08},
	year = {2008},
	isbn = {3-540-78799-2, 978-3-540-78799-0},
	location = {Budapest, Hungary},
	pages = {337--340},
	numpages = {4},
	url = {http://dl.acm.org/citation.cfm?id=1792734.1792766},
	acmid = {1792766},
	publisher = {Springer-Verlag},
	address = {Berlin, Heidelberg},
} 
@inproceedings{mpa-imc15,
	author = {Gember-Jacobson, Aaron and Wu, Wenfei and Li, Xiujun and Akella, Aditya and Mahajan, Ratul},
	title = {Management Plane Analytics},
	booktitle = {Proceedings of the 2015 ACM Conference on Internet Measurement Conference},
	series = {IMC '15},
	year = {2015},
	isbn = {978-1-4503-3848-6},
	location = {Tokyo, Japan},
	pages = {395--408},
	numpages = {14},
	url = {http://doi.acm.org/10.1145/2815675.2815684},
	doi = {10.1145/2815675.2815684},
	acmid = {2815684},
	publisher = {ACM},
	address = {New York, NY, USA},
	keywords = {decision trees, network health, network management practices, quasi-experimental design},
} 

@article{unsatcores,
	author = {Cimatti, Alessandro and Griggio, Alberto and Sebastiani, Roberto},
	title = {Computing Small Unsatisfiable Cores in Satisfiability Modulo Theories},
	journal = {J. Artif. Int. Res.},
	issue_date = {January 2011},
	volume = {40},
	number = {1},
	month = jan,
	year = {2011},
	issn = {1076-9757},
	pages = {701--728},
	numpages = {28},
	url = {http://dl.acm.org/citation.cfm?id=2016945.2016964},
	acmid = {2016964},
	publisher = {AI Access Foundation},
	address = {USA},
} 
@inproceedings{distfirewall, 
	author={Shuyuan Zhang and Ivancic, F. and Lumezanu, C. and Yuan, Y. and Gupta, A. and Malik, S.}, 
	booktitle={Dependable Systems and Networks (DSN), 2014 44th Annual IEEE/IFIP International Conference on}, 
	title={An Adaptable Rule Placement for Software-Defined Networks}, 
	year={2014}, 
	pages={88-99}, 
	keywords={computer network management;firewalls;integer programming;linear programming;network operating systems;ILP;SDN;TCAM;adaptable rule placement;big switch abstraction;centralized controller;compiler;distributed dataplane;firewall policy;high-level network behavior;integer linear programming;network configuration;network policies;practical sized networks;software-defined networks;switch capacity constraints;ternary content addressable memories;Control systems;Google;Linear programming;Optimization;Ports (Computers);Routing;Silicon;Big Switch Abstraction;Distributed Firewall;Rule Placement;SDN}, 
	doi={10.1109/DSN.2014.24}, 
	month={June},}
@inproceedings{decentralize,
	author = {Padon, Oded and Immerman, Neil and Karbyshev, Aleksandr and Lahav, Ori and Sagiv, Mooly and Shoham, Sharon},
	title = {Decentralizing SDN Policies},
	booktitle = {Proceedings of the 42Nd Annual ACM SIGPLAN-SIGACT Symposium on Principles of Programming Languages},
	series = {POPL '15},
	year = {2015},
	isbn = {978-1-4503-3300-9},
	location = {Mumbai, India},
	pages = {663--676},
	numpages = {14},
	url = {http://doi.acm.org/10.1145/2676726.2676990},
	doi = {10.1145/2676726.2676990},
	acmid = {2676990},
	publisher = {ACM},
	address = {New York, NY, USA},
	keywords = {distributed systems, logic programming, network programming languages, software-defined networking, synthesis},
} 
@inproceedings{fattree,
	author = {Al-Fares, Mohammad and Loukissas, Alexander and Vahdat, Amin},
	title = {A Scalable, Commodity Data Center Network Architecture},
	booktitle = {Proceedings of the ACM SIGCOMM 2008 Conference on Data Communication},
	series = {SIGCOMM '08},
	year = {2008},
	isbn = {978-1-60558-175-0},
	location = {Seattle, WA, USA},
	pages = {63--74},
	numpages = {12},
	url = {http://doi.acm.org/10.1145/1402958.1402967},
	doi = {10.1145/1402958.1402967},
	acmid = {1402967},
	publisher = {ACM},
	address = {New York, NY, USA},
	keywords = {data center topology, equal-cost routing},
} 

@misc{intent,
	title = {Intent: Don’t Tell Me What to Do! (Tell Me What You Want)},
	howpublished = {\url{https://www.sdxcentral.com/articles/contributed/network-intent-summit-perspective-david-lenrow/2015/02/}},
}

@misc{ply,
	title = {Python Lex-Yacc},
	howpublished = {\url{http://www.dabeaz.com/ply/}},
}

@article{metis,
	author = {Karypis, George and Kumar, Vipin},
	title = {A Fast and High Quality Multilevel Scheme for Partitioning Irregular Graphs},
	journal = {SIAM J. Sci. Comput.},
	issue_date = {Aug. 1998},
	volume = {20},
	number = {1},
	month = dec,
	year = {1998},
	issn = {1064-8275},
	pages = {359--392},
	numpages = {34},
	url = {http://dx.doi.org/10.1137/S1064827595287997},
	doi = {10.1137/S1064827595287997},
	acmid = {305248},
	publisher = {Society for Industrial and Applied Mathematics},
	address = {Philadelphia, PA, USA},
	keywords = {fill-reducing orderings, finite element computations, graph partitioning, parallel computations}
} 

@inproceedings{symmetry,
	author = {Plotkin, Gordon D. and Bj{\o}rner, Nikolaj and Lopes, Nuno P. and Rybalchenko, Andrey and Varghese, George},
	title = {Scaling Network Verification Using Symmetry and Surgery},
	booktitle = {Proceedings of the 43rd Annual ACM SIGPLAN-SIGACT Symposium on Principles of Programming Languages},
	series = {POPL 2016},
	year = {2016},
	isbn = {978-1-4503-3549-2},
	location = {St. Petersburg, FL, USA},
	pages = {69--83},
	numpages = {15},
	url = {http://doi.acm.org/10.1145/2837614.2837657},
	doi = {10.1145/2837614.2837657},
	acmid = {2837657},
	publisher = {ACM},
	address = {New York, NY, USA},
	keywords = {Network Verification, Semantics, Symmetries},
} 
